@inproceedings{andrew_deep_2013,
  title     = {Deep {Canonical} {Correlation} {Analysis}},
  url       = {https://proceedings.mlr.press/v28/andrew13.html},
  abstract  = {We introduce Deep Canonical Correlation Analysis (DCCA), a method to learn complex nonlinear transformations of two views of data such that the resulting representations are highly linearly correlated...},
  language  = {en},
  urldate   = {2024-11-15},
  booktitle = {Proceedings of the 30th {International} {Conference} on {Machine} {Learning}},
  publisher = {PMLR},
  author    = {Andrew, Galen and Arora, Raman and Bilmes, Jeff and Livescu, Karen},
  month     = may,
  year      = {2013},
  note      = {ISSN: 1938-7228},
  pages     = {1247--1255}
}

@misc{park2024linearrepresentationhypothesisgeometry,
      title={The Linear Representation Hypothesis and the Geometry of Large Language Models}, 
      author={Kiho Park and Yo Joong Choe and Victor Veitch},
      year={2024},
      eprint={2311.03658},
      archivePrefix={arXiv},
      primaryClass={cs.CL},
      url={https://arxiv.org/abs/2311.03658}, 
}

@misc{sahlgren2021sentenceembeddingsensembledistillation,
      title={Sentence Embeddings by Ensemble Distillation}, 
      author={Fredrik Carlsson Magnus Sahlgren},
      year={2021},
      eprint={2104.06719},
      archivePrefix={arXiv},
      primaryClass={cs.CL},
      url={https://arxiv.org/abs/2104.06719}, 
}

@misc{andriushchenko_jailbreaking_2024,
  title     = {Jailbreaking {Leading} {Safety}-{Aligned} {LLMs} with {Simple} {Adaptive} {Attacks}},
  url       = {http://arxiv.org/abs/2404.02151},
  doi       = {10.48550/arXiv.2404.02151},
  abstract  = {We show that even the most recent safety-aligned LLMs are not robust to simple adaptive jailbreaking attacks...},
  urldate   = {2024-11-15},
  publisher = {arXiv},
  author    = {Andriushchenko, Maksym and Croce, Francesco and Flammarion, Nicolas},
  month     = oct,
  year      = {2024},
  note      = {arXiv:2404.02151},
  keywords  = {Computer Science - Machine Learning, AI, Security}
}

@article{anthropic,
  title    = {Towards {Monosemanticity}: {Decomposing} {Language} {Models} {With} {Dictionary} {Learning}},
  author   = {Bricken, Trenton and Templeton, Adly and Batson, Joshua and Chen, Brian and Jermyn, Adam and Conerly, Tom and Turner, Nicholas L. and Anil, Cem and Denison, Carson and Askell, Amanda and Lasenby, Robert and Wu, Yifan and Kravec, Shauna and Schiefer, Nicholas and Maxwell, Tim and Joseph, Nicholas and Tamkin, Alex and Nguyen, Karina and McLean, Brayden and Burke, Josiah E. and Hume, Tristan and Carter, Shan and Henighan, Tom and Olah, Chris},
  url      = {https://www.anthropic.com/research/towards-monosemanticity-decomposing-language-models-with-dictionary-learning},
  abstract = {Anthropic is an AI safety and research company...},
  language = {en},
  urldate  = {2024-11-15},
  year     = {2023}
}

@misc{muennighoff2023mtebmassivetextembedding,
      title={MTEB: Massive Text Embedding Benchmark}, 
      author={Niklas Muennighoff and Nouamane Tazi and Lo√Øc Magne and Nils Reimers},
      year={2023},
      eprint={2210.07316},
      archivePrefix={arXiv},
      primaryClass={cs.CL},
      url={https://arxiv.org/abs/2210.07316}, 
}

@inproceedings{bansal_revisiting_2021,
  title     = {Revisiting {Model} {Stitching} to {Compare} {Neural} {Representations}},
  volume    = {34},
  url       = {https://proceedings.neurips.cc/paper/2021/hash/01ded4259d101feb739b06c399e9cd9c-Abstract.html},
  urldate   = {2024-11-15},
  booktitle = {Advances in {Neural} {Information} {Processing} {Systems}},
  publisher = {Curran Associates, Inc.},
  author    = {Bansal, Yamini and Nakkiran, Preetum and Barak, Boaz},
  year      = {2021},
  pages     = {225--236}
}

@misc{box-rep-sim,
  url = {https://uchicago.app.box.com/s/ymyt6ushjg94l1aauutgwq256w30mhbg}
}

@article{cammarata_curve_2020,
  title    = {Curve {Detectors}},
  volume   = {5},
  issn     = {2476-0757},
  url      = {https://distill.pub/2020/circuits/curve-detectors},
  doi      = {10.23915/distill.00024.003},
  abstract = {Part one of a three part deep dive into the curve neuron family.},
  language = {en},
  number   = {6},
  urldate  = {2024-11-15},
  journal  = {Distill},
  author   = {Cammarata, Nick and Goh, Gabriel and Carter, Shan and Schubert, Ludwig and Petrov, Michael and Olah, Chris},
  month    = jun,
  year     = {2020},
  pages    = {e00024.003}
}

@misc{chao_jailbreaking_2024,
  title     = {Jailbreaking {Black} {Box} {Large} {Language} {Models} in {Twenty} {Queries}},
  url       = {http://arxiv.org/abs/2310.08419},
  doi       = {10.48550/arXiv.2310.08419},
  abstract  = {We propose Prompt Automatic Iterative Refinement (PAIR), a method that generates semantic jailbreaks with only black-box access...},
  urldate   = {2024-11-15},
  publisher = {arXiv},
  author    = {Chao, Patrick and Robey, Alexander and Dobriban, Edgar and Hassani, Hamed and Pappas, George J. and Wong, Eric},
  month     = jul,
  year      = {2024},
  note      = {arXiv:2310.08419}
}

@misc{song2024resourcemodelneuralscaling,
      title={A Resource Model For Neural Scaling Law}, 
      author={Jinyeop Song and Ziming Liu and Max Tegmark and Jeff Gore},
      year={2024},
      eprint={2402.05164},
      archivePrefix={arXiv},
      primaryClass={cs.LG},
      url={https://arxiv.org/abs/2402.05164}, 
}

@misc{caspari2024benchmarksevaluatingembeddingmodel,
      title={Beyond Benchmarks: Evaluating Embedding Model Similarity for Retrieval Augmented Generation Systems}, 
      author={Laura Caspari and Kanishka Ghosh Dastidar and Saber Zerhoudi and Jelena Mitrovic and Michael Granitzer},
      year={2024},
      eprint={2407.08275},
      archivePrefix={arXiv},
      primaryClass={cs.IR},
      url={https://arxiv.org/abs/2407.08275}, 
}

@misc{lenc2015understandingimagerepresentationsmeasuring,
      title={Understanding image representations by measuring their equivariance and equivalence}, 
      author={Karel Lenc and Andrea Vedaldi},
      year={2015},
      eprint={1411.5908},
      archivePrefix={arXiv},
      primaryClass={cs.CV},
      url={https://arxiv.org/abs/1411.5908}, 
}

@misc{cunningham_sparse_2023,
  title     = {Sparse {Autoencoders} {Find} {Highly} {Interpretable} {Features} in {Language} {Models}},
  url       = {http://arxiv.org/abs/2309.08600},
  doi       = {10.48550/arXiv.2309.08600},
  abstract  = {We show that sparse autoencoders can resolve superposition in language models...},
  urldate   = {2024-11-15},
  publisher = {arXiv},
  author    = {Cunningham, Hoagy and Ewart, Aidan and Riggs, Logan and Huben, Robert and Sharkey, Lee},
  month     = oct,
  year      = {2023},
  note      = {arXiv:2309.08600}
}

@inproceedings{eberle-etal-2022-transformer,
  title     = {Do Transformer Models Show Similar Attention Patterns to Task-Specific Human Gaze?},
  author    = {Eberle, Oliver and Brandl, Stephanie and Pilot, Jonas and S{\o}gaard, Anders},
  booktitle = {Proceedings of the 60th Annual Meeting of the Association for Computational Linguistics (Volume 1: Long Papers)},
  month     = may,
  year      = {2022},
  address   = {Dublin, Ireland},
  publisher = {Association for Computational Linguistics},
  url       = {https://aclanthology.org/2022.acl-long.296},
  doi       = {10.18653/v1/2022.acl-long.296},
  pages     = {4295--4309}
}

@article{haxby_decoding_2014,
  title    = {Decoding {Neural} {Representational} {Spaces} {Using} {Multivariate} {Pattern} {Analysis}},
  volume   = {37},
  issn     = {0147-006X, 1545-4126},
  url      = {https://www.annualreviews.org/doi/10.1146/annurev-neuro-062012-170325},
  doi      = {10.1146/annurev-neuro-062012-170325},
  abstract = {A review discussing methods for decoding human neural activity...},
  language = {en},
  number   = {1},
  urldate  = {2024-11-15},
  journal  = {Annual Review of Neuroscience},
  author   = {Haxby, James V. and Connolly, Andrew C. and Guntupalli, J. Swaroop},
  month    = jul,
  year     = {2014},
  pages    = {435--456}
}

@misc{hernandez_model_2023,
  title     = {Model {Stitching}: {Looking} {For} {Functional} {Similarity} {Between} {Representations}},
  url       = {http://arxiv.org/abs/2303.11277},
  doi       = {10.48550/arXiv.2303.11277},
  abstract  = {Model stitching is a methodology to compare neural network representations by measuring their interchangeability...},
  urldate   = {2024-11-15},
  publisher = {arXiv},
  author    = {Hernandez, Adriano and Dangovski, Rumen and Lu, Peter Y. and Soljacic, Marin},
  month     = aug,
  year      = {2023},
  note      = {arXiv:2303.11277}
}

@misc{huh_platonic_2024,
  title     = {The {Platonic} {Representation} {Hypothesis}},
  url       = {http://arxiv.org/abs/2405.07987},
  doi       = {10.48550/arXiv.2405.07987},
  abstract  = {We argue that representations in AI models are converging, driving toward a shared statistical model of reality...},
  urldate   = {2024-11-15},
  publisher = {arXiv},
  author    = {Huh, Minyoung and Cheung, Brian and Wang, Tongzhou and Isola, Phillip},
  month     = jul,
  year      = {2024},
  note      = {arXiv:2405.07987}
}

@misc{michaud2024quantizationmodelneuralscaling,
      title={The Quantization Model of Neural Scaling}, 
      author={Eric J. Michaud and Ziming Liu and Uzay Girit and Max Tegmark},
      year={2024},
      eprint={2303.13506},
      archivePrefix={arXiv},
      primaryClass={cs.LG},
      url={https://arxiv.org/abs/2303.13506}, 
}

@article{klabunde_similarity_2023,
  title    = {Similarity of {Neural} {Network} {Models}: {A} {Survey} of {Functional} and {Representational} {Measures}},
  url      = {https://arxiv.org/abs/2305.06329},
  doi      = {10.48550/ARXIV.2305.06329},
  abstract = {A survey of measures for functional and representational similarity in neural networks...},
  urldate  = {2024-11-15},
  author   = {Klabunde, Max and Schumacher, Tobias and Strohmaier, Markus and Lemmerich, Florian},
  year     = {2023}
}

@article{Klabunde2023TowardsMR,
  title   = {Towards Measuring Representational Similarity of Large Language Models},
  author  = {Klabunde, Max and Ben Amor, Mehdi and Granitzer, Michael and Lemmerich, Florian},
  journal = {ArXiv},
  year    = {2023},
  volume  = {abs/2312.02730},
  url     = {https://arxiv.org/abs/2312.02730}
}

@misc{kornblith_similarity_2019,
  title     = {Similarity of {Neural} {Network} {Representations} {Revisited}},
  url       = {http://arxiv.org/abs/1905.00414},
  doi       = {10.48550/arXiv.1905.00414},
  abstract  = {Examines methods for comparing neural network representations based on CCA and introduces CKA...},
  urldate   = {2024-11-15},
  publisher = {arXiv},
  author    = {Kornblith, Simon and Norouzi, Mohammad and Lee, Honglak and Hinton, Geoffrey},
  month     = jul,
  year      = {2019},
  keywords  = {Machine Learning}
}

@article{kriegeskorte_representational_2008,
  title    = {Representational similarity analysis - connecting the branches of systems neuroscience},
  volume   = {2},
  issn     = {1662-5137},
  url      = {https://www.frontiersin.org/articles/10.3389/neuro.06.004.2008/full},
  doi      = {10.3389/neuro.06.004.2008},
  abstract = {A framework to quantitatively relate brain-activity measurement, behavior, and computational modeling via RSA...},
  language = {en},
  urldate  = {2024-11-15},
  journal  = {Frontiers in Systems Neuroscience},
  author   = {Kriegeskorte, Nikolaus and Mur, Marieke and Bandettini, Peter A.},
  month    = nov,
  year     = {2008}
}

@misc{li2016convergentlearningdifferentneural,
  title         = {Convergent Learning: Do different neural networks learn the same representations?},
  author        = {Li, Yixuan and Yosinski, Jason and Clune, Jeff and Lipson, Hod and Hopcroft, John},
  year          = {2016},
  eprint        = {1511.07543},
  archiveprefix = {arXiv},
  primaryclass  = {cs.LG},
  url           = {https://arxiv.org/abs/1511.07543}
}

@misc{mehrotra_tree_2024,
  title     = {Tree of {Attacks}: {Jailbreaking} {Black}-{Box} {LLMs} {Automatically}},
  url       = {http://arxiv.org/abs/2312.02119},
  doi       = {10.48550/arXiv.2312.02119},
  abstract  = {We present Tree of Attacks with Pruning (TAP), an automated method for generating jailbreaks that requires only black-box access...},
  urldate   = {2024-11-15},
  publisher = {arXiv},
  author    = {Mehrotra, Anay and Zampetakis, Manolis and Kassianik, Paul and Nelson, Blaine and Anderson, Hyrum and Singer, Yaron and Karbasi, Amin},
  month     = oct,
  year      = {2024},
  note      = {arXiv:2312.02119}
}

@inproceedings{morcos_insights_2018,
  title    = {Insights on representational similarity in neural networks with canonical correlation},
  abstract = {Uses projection weighted CCA to study representational similarity across CNNs and RNNs...},
  urldate  = {2024-11-15},
  author   = {Morcos, Ari S. and Raghu, Maithra and Bengio, Samy},
  month    = jun,
  year     = {2018}
}

@misc{nguyen_wide_2021,
  title     = {Do {Wide} and {Deep} {Networks} {Learn} the {Same} {Things}? {Uncovering} {How} {Neural} {Network} {Representations} {Vary} with {Width} and {Depth}},
  url       = {http://arxiv.org/abs/2010.15327},
  doi       = {10.48550/arXiv.2010.15327},
  abstract  = {Investigates how varying depth and width affects model hidden representations...},
  urldate   = {2024-11-15},
  publisher = {arXiv},
  author    = {Nguyen, Thao and Raghu, Maithra and Kornblith, Simon},
  month     = apr,
  year      = {2021},
  keywords  = {Computer Science - Machine Learning}
}

@misc{noauthor_20_scaling_lawspdf_nodate,
  title    = {20\_scaling\_laws.pdf},
  url      = {https://www.dropbox.com/scl/fi/xhnv84zx78u0l8o1o4pce/20_scaling_laws.pdf?dl=0&e=1&rlkey=ucg32vqlxgadea3enzh90qaop},
  abstract = {Shared with Dropbox},
  language = {en},
  urldate  = {2024-11-15}
}

@misc{noauthor_canonical_2024,
  title    = {Canonical correlation},
  url      = {https://en.wikipedia.org/w/index.php?title=Canonical_correlation&oldid=1246555266},
  abstract = {An explanation of canonical-correlation analysis (CCA)...},
  language = {en},
  urldate  = {2024-11-15},
  journal  = {Wikipedia},
  month    = sep,
  year     = {2024}
}

@misc{noauthor_mantis_nodate,
  title   = {Mantis},
  url     = {https://home.withmantis.com/},
  urldate = {2024-11-15}
}

@misc{noauthor_model_nodate,
  title    = {Model {Stitching}: {Looking} {For} {Functional} {Similarity} {Between} {Representations}},
  url      = {https://scholar.google.com/citations?view_op=view_citation&hl=en&user=evT71z8AAAAJ&citation_for_view=evT71z8AAAAJ:u5HHmVD_uO8C},
  abstract = {Short summary referencing model stitching and functional similarity.},
  urldate  = {2024-11-15}
}

@misc{noauthor_representational_nodate,
  title   = {Representational {Similarity} in {Neural} {Networks} | {Elicit}},
  url     = {https://elicit.com/notebook/ca8a9992-4e9e-4478-b991-7229cd640ba2#18080183417d138da0d0dc40dc987bc5},
  urldate = {2024-11-15}
}

@misc{noauthor_simon_nodate,
  title    = {Simon {Kornblith} - {AI} + {Science} {Talk} {Part} 1\&2.pdf | Powered by Box},
  url      = {https://uchicago.app.box.com/s/ymyt6ushjg94l1aauutgwq256w30mhbg},
  language = {en-US},
  urldate  = {2024-11-15}
}

@article{olah2020zoom,
  author  = {Olah, Chris and Cammarata, Nick and Schubert, Ludwig and Goh, Gabriel and Petrov, Michael and Carter, Shan},
  title   = {Zoom In: An Introduction to Circuits},
  journal = {Distill},
  year    = {2020},
  note    = {https://distill.pub/2020/circuits/zoom-in},
  doi     = {10.23915/distill.00024.001}
}

@article{olsson2022context,
  title   = {In-context Learning and Induction Heads},
  author  = {Olsson, Catherine and Elhage, Nelson and Nanda, Neel and Joseph, Nicholas and DasSarma, Nova and Henighan, Tom and Mann, Ben and Askell, Amanda and Bai, Yuntao and Chen, Anna and Conerly, Tom and Drain, Dawn and Ganguli, Deep and Hatfield-Dodds, Zac and Hernandez, Danny and Johnston, Scott and Jones, Andy and Kernion, Jackson and Lovitt, Liane and Ndousse, Kamal and Amodei, Dario and Brown, Tom and Clark, Jack and Kaplan, Jared and McCandlish, Sam and Olah, Chris},
  year    = {2022},
  journal = {Transformer Circuits Thread},
  note    = {https://transformer-circuits.pub/2022/in-context-learning-and-induction-heads/index.html}
}

@misc{pliny_elder-pliniusl1b3rt4s_2024,
  title    = {elder-plinius/{L1B3RT4S}},
  url      = {https://github.com/elder-plinius/L1B3RT4S},
  abstract = {TOTALLY HARMLESS LIBERATION PROMPTS FOR GOOD LIL AI'S},
  urldate  = {2024-11-15},
  author   = {pliny},
  month    = nov,
  year     = {2024}
}

@misc{radford_learning_2021,
  title     = {Learning {Transferable} {Visual} {Models} {From} {Natural} {Language} {Supervision}},
  url       = {http://arxiv.org/abs/2103.00020},
  doi       = {10.48550/arXiv.2103.00020},
  abstract  = {Introduces CLIP, trained on (image, text) pairs to learn visual representations...},
  urldate   = {2024-11-15},
  publisher = {arXiv},
  author    = {Radford, Alec and Kim, Jong Wook and Hallacy, Chris and Ramesh, Aditya and Goh, Gabriel and Agarwal, Sandhini and Sastry, Girish and Askell, Amanda and Mishkin, Pamela and Clark, Jack and Krueger, Gretchen and Sutskever, Ilya},
  month     = feb,
  year      = {2021},
  keywords  = {Computer Vision, Representation Learning}
}

@article{schubert2021high-low,
  author  = {Schubert, Ludwig and Voss, Chelsea and Cammarata, Nick and Goh, Gabriel and Olah, Chris},
  title   = {High-Low Frequency Detectors},
  journal = {Distill},
  year    = {2021},
  note    = {https://distill.pub/2020/circuits/frequency-edges},
  doi     = {10.23915/distill.00024.005}
}

@article{yousefnezhad_deep_2021,
  title    = {Deep {Representational} {Similarity} {Learning} for {Analyzing} {Neural} {Signatures} in {Task}-based {fMRI} {Dataset}},
  volume   = {19},
  issn     = {1539-2791, 1559-0089},
  url      = {https://link.springer.com/10.1007/s12021-020-09494-4},
  doi      = {10.1007/s12021-020-09494-4},
  abstract = {Introduces DRSL, a deep extension of RSA suitable for analyzing similarities between cognitive tasks in large fMRI datasets...},
  language = {en},
  number   = {3},
  urldate  = {2024-11-15},
  journal  = {Neuroinformatics},
  author   = {Yousefnezhad, Muhammad and Sawalha, Jeffrey and Selvitella, Alessandro and Zhang, Daoqiang},
  month    = jul,
  year     = {2021},
  pages    = {417--431}
}

@misc{zhou_object_2015,
  title     = {Object {Detectors} {Emerge} in {Deep} {Scene} {CNNs}},
  url       = {http://arxiv.org/abs/1412.6856},
  doi       = {10.48550/arXiv.1412.6856},
  abstract  = {Demonstrates that object detectors emerge as a byproduct of training CNNs for scene classification...},
  urldate   = {2024-11-15},
  publisher = {arXiv},
  author    = {Zhou, Bolei and Khosla, Aditya and Lapedriza, Agata and Oliva, Aude and Torralba, Antonio},
  month     = apr,
  year      = {2015}
}

@misc{zou_universal_2023,
  title     = {Universal and {Transferable} {Adversarial} {Attacks} on {Aligned} {Language} {Models}},
  url       = {http://arxiv.org/abs/2307.15043},
  doi       = {10.48550/arXiv.2307.15043},
  abstract  = {Proposes an approach to automatically produce adversarial suffixes for LLMs, achieving attacks that transfer to many models...},
  urldate   = {2024-11-15},
  publisher = {arXiv},
  author    = {Zou, Andy and Wang, Zifan and Carlini, Nicholas and Nasr, Milad and Kolter, J. Zico and Fredrikson, Matt},
  month     = dec,
  year      = {2023}
}

@misc{sucholutsky2024gettingalignedrepresentationalalignment,
      title={Getting aligned on representational alignment}, 
      author={Ilia Sucholutsky and Lukas Muttenthaler and Adrian Weller and Andi Peng and Andreea Bobu and Been Kim and Bradley C. Love and Christopher J. Cueva and Erin Grant and Iris Groen and Jascha Achterberg and Joshua B. Tenenbaum and Katherine M. Collins and Katherine L. Hermann and Kerem Oktar and Klaus Greff and Martin N. Hebart and Nathan Cloos and Nikolaus Kriegeskorte and Nori Jacoby and Qiuyi Zhang and Raja Marjieh and Robert Geirhos and Sherol Chen and Simon Kornblith and Sunayana Rane and Talia Konkle and Thomas P. O'Connell and Thomas Unterthiner and Andrew K. Lampinen and Klaus-Robert M√ºller and Mariya Toneva and Thomas L. Griffiths},
      year={2024},
      eprint={2310.13018},
      archivePrefix={arXiv},
      primaryClass={q-bio.NC},
      url={https://arxiv.org/abs/2310.13018}, 
}